@Article{article,
	author = "Author1 LastName1 and Author2 LastName2 and Author3 LastName3",
	title = "Article Title",
	volume = "30",
	number = "30",
	pages = "10127-10134",
	year = "2013",
	doi = "10.3389/fnins.2013.12345",
	URL = "http://www.frontiersin.org/Journal/10.3389/fnins.2013.12345/abstract",
	journal = "Frontiers in Neuroscience"
}

@book{book,
  author    = {Author Name}, 
  title     = {The title of the work},
  publisher = {The name of the publisher},
  address   = {The city},
  year      = 1993,
}

@incollection{chapter,
  author       = {Bauthor Surname}, 
  title        = {The title of the work},
  editor       = {Editor Name},
  booktitle    = {The title of the book},
  publisher    = {The name of the publisher},
  address      = {The city},
  year         = 2002,
  pages        = {201-213},
}

@InProceedings{conference,
  author = {Cauthor Name and Dauthor Surname and Fauthor LastName},
  title = {The title of the work},
  booktitle = {The title of the conference proceedings},
  year = 1996,
  publisher = {The name of the publisher},
  editor = {Editor Name1 and Editor Name2},
  pages = {41-50},
}

@book{cho,
  author       = {Gauthor Name1}, 
  title        = {The title of the work},
  publisher = {Country code and patent number},
  address      = {Patent Country},
  year = 2013
}

@book{patent,
  author    = {Hauthor Surname1}, 
  title     = {The title of the work},
  publisher = {Patent number},
  address   = {Patent country},
  year      = 2010,
}

% please use misc for datasets
@misc{dataset, 
	author = "Author1 LastName1 and Author2 LastName2 and Author3 LastName3",
	title = "Data Title",
	year = "2011",
	doi = "10.000/55555",
	URL = "http://www.frontiersin.org/",
}


@Article{Pfeil2013,
	author   = "{T. Pfeil,  A. Gr\"ubl, S. Jeltsch, E. M\"uller, P. M\"uller, M. A. Petrovici, M. Schmuker, D. Br\"uderle, J. Schemmel, K. Meier}",
	title    = {Six networks on a universal neuromorphic computing substrate},
	journal  = {Frontiers in Neuroscience},
	volume   = {7},
	number = {11},
	pages    = {1--17},
	year     = {2013}
}

@Article{Pfeil2012,
	title={Is a 4-bit synaptic weight resolution enough?--constraints on enabling spike-timing dependent plasticity in neuromorphic hardware},
	author="{T. Pfeil, T. C. Potjans, S. Schrader, W. Potjans, J. Schemmel, M. Diesmann, K. Meier}",
	journal={Frontiers in Neuroscience},
	volume={6},
	number={90},
	pages={1--19},
	year={2012}
}

	%editor, pages, publisher non trovati -> neanche gli altri che citano quest'articolo li scrivono
@InProceedings{Fieres2004,
	title={A platform for parallel operation of {VLSI} neural networks},
	author="{J. Fieres, A. Gr{\"u}bl, S. Philipp, K. Meier, J. Schemmel, F. Sch{\"u}rmann}",
	booktitle={Proceedings of the 2004 Brain Inspired Cognitive Systems Conference (BICS)},
	year={2004},
	address={University of Stirling, Scotland, UK}
}

	% editor non trovato -> neanche chi altri lo cita scrive l'editor 
@InProceedings{Schemmel2007,
	title={{Modeling} {Synaptic} {Plasticity} within {Networks} of {Highly} {Accelerated} {I}\&{F} {Neurons}},
	author="{J. Schemmel, D. Br{\"u}derle, K. Meier, B. Ostendorf}",
	booktitle={Proceedings of the 2007 International Symposium on Circuits and Systems (ISCAS)},
	pages={3367--3370},
	year={2007},
	publisher={IEEE Press.},
	address={New Orleans, LA, USA}
}

@Article{Davison2009,
	title={{PyNN}: a common interface for neuronal network simulators},
	author="{A. P. Davison, D. Br{\"u}derle, J.M. Eppler, J. Kremkow, E. Muller, D. Pecevski, L. Perrinet, P. Yger}",
	journal={Frontiers in Neuroinformatics},
	volume={2},
	number={11},
	pages={1--10},
	year={2009}
}

@InProceedings{Kennedy1995,
	title={Particle swarm optimization},
	author="{J. Kennedy, R. Eberhart}",
	booktitle={Proceedings IEEE International Conference on Neural Networks},
	volume={4},
	pages={1942--1948},
	year={1995}
}

@Article{Nobile2018,
	title={{Fuzzy} {Self-Tuning} {PSO}: {A} settings-free algorithm for global optimization},
	author="{M. S. Nobile, P. Cazzaniga, D. Besozzi, R. Colombo, G. Mauri, G. Pasi}",
	journal={Swarm and evolutionary computation},
	volume={39},
	pages={70--85},
	year={2018}
}


@article{nishikawa2008neural,
  title={Neural network model of the lateral accessory lobe and ventral protocerebrum of {Bombyx mori} to generate the flip-flop activity},
  author={Nishikawa, Ikuko and Nakaumura, Masayoshi and Igarashi, Yoshiki and Kazawa, Tomoki and Ikeno, Hidetoshi and Kanzaki, Ryohei},
  journal={BMC Neuroscience},
  volume={9},
  number={1},
  pages={P23},
  year={2008},
  publisher={BioMed Central}
}

@article{mishima1999physiological,
  title={Physiological and morphological characterization of olfactory descending interneurons of the male silkworm moth, {Bombyx mori}},
  author={Mishima, T and Kanzaki, R},
  journal={Journal of Comparative Physiology A},
  volume={184},
  number={2},
  pages={143--160},
  year={1999},
  publisher={Springer}
}

@article{kazawa2008development,
  title={Development and application of a neuroinformatics environment for neuroscience and neuroethology},
  author={Kazawa, Tomoki and Ikeno, Hidetoshi and Kanzaki, Ryohei},
  journal={Neural Networks},
  volume={21},
  number={8},
  pages={1047--1055},
  year={2008},
  publisher={Elsevier}
}

@article{poli2007particle,
  title={Particle swarm optimization},
  author={Poli, Riccardo and Kennedy, James and Blackwell, Tim},
  journal={Swarm intelligence},
  volume={1},
  number={1},
  pages={33--57},
  year={2007},
  publisher={Springer}
}

@article{indiveri2011neuromorphic,
  title={Neuromorphic silicon neuron circuits},
  author={Indiveri, Giacomo and Linares-Barranco, Bernab{\'e} and Hamilton, Tara Julia and Van Schaik, Andr{\'e} and Etienne-Cummings, Ralph and Delbruck, Tobi and Liu, Shih-Chii and Dudek, Piotr and H{\"a}fliger, Philipp and Renaud, Sylvie and others},
  journal={Frontiers in neuroscience},
  volume={5},
  pages={73},
  year={2011},
  publisher={Frontiers}
}

@article{schuman2017survey,
  title={A survey of neuromorphic computing and neural networks in hardware},
  author={Schuman, Catherine D and Potok, Thomas E and Patton, Robert M and Birdwell, J Douglas and Dean, Mark E and Rose, Garrett S and Plank, James S},
  journal={arXiv preprint arXiv:1705.06963},
  year={2017}
}

@article{hodgkin1952quantitative,
  title={A quantitative description of membrane current and its application to conduction and excitation in nerve},
  author={Hodgkin, Alan L and Huxley, Andrew F},
  journal={The Journal of physiology},
  volume={117},
  number={4},
  pages={500--544},
  year={1952},
  publisher={Wiley Online Library}
}

@article{binczak2006experimental,
  title={Experimental study of electrical FitzHugh--Nagumo neurons with modified excitability},
  author={Binczak, St{\'e}phane and Jacquir, Sabir and Bilbault, Jean-Marie and Kazantsev, Viktor B and Nekorkin, Vladimir I},
  journal={Neural Networks},
  volume={19},
  number={5},
  pages={684--693},
  year={2006},
  publisher={Elsevier}
}

@inproceedings{arthur2006silicon,
  title={Silicon neurons that inhibit to synchronize},
  author={Arthur, John V and Boahen, Kwabena},
  booktitle={2006 IEEE International Symposium on Circuits and Systems},
  pages={4--pp},
  year={2006},
  organization={IEEE}
}

@article{basu2010nullcline,
  title={Nullcline-based design of a silicon neuron},
  author={Basu, Arindam and Hasler, Paul E},
  journal={IEEE Transactions on Circuits and Systems I: Regular Papers},
  volume={57},
  number={11},
  pages={2938--2947},
  year={2010},
  publisher={IEEE}
}

@article{mcculloch1943logical,
  title={A logical calculus of the ideas immanent in nervous activity},
  author={McCulloch, Warren S and Pitts, Walter},
  journal={The bulletin of mathematical biophysics},
  volume={5},
  number={4},
  pages={115--133},
  year={1943},
  publisher={Springer}
}


@article{neftci2018data,
  title={Data and power efficient intelligence with neuromorphic learning machines},
  author={Neftci, Emre O},
  journal={iScience},
  volume={5},
  pages={52--68},
  year={2018},
  publisher={Elsevier}
}

@article{covi2016analog,
  title={Analog memristive synapse in spiking networks implementing unsupervised learning},
  author={Covi, Erika and Brivio, Stefano and Serb, Alexander and Prodromakis, Themis and Fanciulli, Marco and Spiga, Sabina},
  journal={Frontiers in neuroscience},
  volume={10},
  pages={482},
  year={2016},
  publisher={Frontiers}
}


@article{namiki2009reconstruction,
  title={Reconstruction of virtual neural circuits in an insect brain},
  author={Namiki, Shigehiro and Haupt, Shuichi S and Kazawa, Tomoki and Takashima, Akira and Ikeno, Hidetoshi and Kanzaki, Ryohei},
  journal={Frontiers in Neuroscience},
  volume={3},
  pages={28},
  year={2009},
  publisher={Frontiers}
}

@inproceedings{schemmel2006implementing,
  title={Implementing synaptic plasticity in a {VLSI} spiking neural network model},
  author={Schemmel, Johannes and Grubl, Andreas and Meier, Karlheinz and Mueller, Eilif},
  booktitle={The 2006 IEEE International Joint Conference on Neural Network Proceedings},
  pages={1--6},
  year={2006},
  organization={IEEE}
}

@article{suzuki1971dynamics,
  title={Dynamics of “neuron ring”},
  author={Suzuki, Ryoji and Katsuno, Ikuko and Matano, Keiichi},
  journal={Kybernetik},
  volume={8},
  number={1},
  pages={39--45},
  year={1971},
  publisher={Springer}
}